@Misc{Django,
author = {Django},
title = {Django - Overview},
howpublished = {\url{https://www.djangoproject.com/start/overview/}},
year=2018,
note = {Acessado em 09/06/2018}
}

@Misc{Ruby,
author = {Ruby},
title = {Ruby on Rails},
howpublished = {\url{https://rubyonrails.org/}},
year=2018,
note = {Acessado em 10/06/2018}
}

@Misc{Cake,
author = {CakePHP},
title = {CakePHP},
howpublished = {\url{https://cakephp.org/}},
year=2018,
note = {Acessado em 07/06/2018}
}

@Misc{PHP,
author = {PHP},
title = {PHP},
howpublished = {\url{https://secure.php.net/}},
year=2018,
note = {Acessado em 11/06/2018}
}

@Misc{Sipia,
author = {SIPIA},
title = {Manual do Usu√°rio - Cadastro Nacional dos Conselhos Tutelares},
howpublished = {\url{https://sipiaconselhotutelar.mdh.gov.br/uploads/ManualdoUsuario-SIPIACT.pdf}},
year=2018,
note = {Acessado em 04/06/2018}
}